<record><leader>00000cas a22000007a 4500</leader><controlfield tag="001">18110262</controlfield><controlfield tag="008">880620d1952196upaudn ne      0    0eng d</controlfield><datafield ind1=" " ind2=" " tag="010"><subfield code="a">sn 88080783 </subfield></datafield><datafield ind1=" " ind2=" " tag="040"><subfield code="a">NPH</subfield><subfield code="b">eng</subfield><subfield code="c">NPH</subfield><subfield code="d">OCLCQ</subfield></datafield><datafield ind1=" " ind2=" " tag="042"><subfield code="a">msc</subfield></datafield><datafield ind1="0" ind2=" " tag="130"><subfield code="a">Valley daily news (Tarentum, Pa. : Apollo ed.)</subfield></datafield><datafield ind1="1" ind2="4" tag="245"><subfield code="a">The Valley daily news.</subfield></datafield><datafield ind1=" " ind2=" " tag="250"><subfield code="a">[Apollo ed.].</subfield></datafield><datafield ind1=" " ind2=" " tag="260"><subfield code="a">Tarentum, Pa. :</subfield><subfield code="b">News Print. Co.,</subfield><subfield code="c">1952-</subfield></datafield><datafield ind1=" " ind2=" " tag="300"><subfield code="a">v. :</subfield><subfield code="b">ill.</subfield></datafield><datafield ind1=" " ind2=" " tag="310"><subfield code="a">Daily (except Sun.)</subfield></datafield><datafield ind1="0" ind2=" " tag="362"><subfield code="a">Vol. 49, no. 73 (Sept. 22, 1952)-</subfield></datafield><datafield ind1=" " ind2=" " tag="500"><subfield code="a">"Apollo-Leechburg-Vandergrift, Pa."</subfield></datafield><datafield ind1=" " ind2=" " tag="500"><subfield code="a">"Kiskiminetas Valley, Allegheny Valley," &lt;1957&gt;.</subfield></datafield><datafield ind1=" " ind2=" " tag="752"><subfield code="a">United States</subfield><subfield code="b">Pennsylvania</subfield><subfield code="c">Allegheny</subfield><subfield code="d">Tarentum.</subfield></datafield><datafield ind1=" " ind2=" " tag="752"><subfield code="a">United States</subfield><subfield code="b">Pennsylvania</subfield><subfield code="c">Armstrong</subfield><subfield code="d">Apollo.</subfield></datafield><datafield ind1=" " ind2=" " tag="752"><subfield code="a">United States</subfield><subfield code="b">Pennsylvania</subfield><subfield code="c">Armstrong</subfield><subfield code="d">Leechburg.</subfield></datafield><datafield ind1=" " ind2=" " tag="752"><subfield code="a">United States</subfield><subfield code="b">Pennsylvania</subfield><subfield code="c">Westmoreland</subfield><subfield code="d">Vandergrift.</subfield></datafield><datafield ind1="0" ind2=" " tag="775"><subfield code="t">Valley daily news (Tarentum, Pa.)</subfield><subfield code="w">(DLC)sn 87078051</subfield></datafield><datafield ind1="0" ind2=" " tag="775"><subfield code="t">Valley daily news (New Kensington, Pa.)</subfield><subfield code="w">(DLC)sn 88080784</subfield></datafield></record>